@INPROCEEDINGS{anoDDPM,
  author={Wyatt, Julian and Leach, Adam and Schmon, Sebastian M. and Willcocks, Chris G.},
  booktitle={2022 IEEE/CVF Conference on Computer Vision and Pattern Recognition Workshops (CVPRW)}, 
  title={AnoDDPM: Anomaly Detection with Denoising Diffusion Probabilistic Models using Simplex Noise}, 
  year={2022},
  volume={},
  number={},
  pages={649-655},
  keywords={Training;Image segmentation;Shape;Magnetic resonance imaging;Gaussian noise;Noise reduction;Markov processes},
  doi={10.1109/CVPRW56347.2022.00080}}

@misc{zimmerer2019VAE-UAD,
      title={Unsupervised Anomaly Localization using Variational Auto-Encoders}, 
      author={David Zimmerer and Fabian Isensee and Jens Petersen and Simon Kohl and Klaus Maier-Hein},
      year={2019},
      eprint={1907.02796},
      archivePrefix={arXiv},
      primaryClass={cs.LG},
      url={https://arxiv.org/abs/1907.02796}, 
}

@article{fAnoGAN,
  title = {F-{{AnoGAN}}: {{Fast}} Unsupervised Anomaly Detection with Generative Adversarial Networks},
  author = {Schlegl, Thomas and Seeb{\"o}ck, Philipp and Waldstein, Sebastian M. and Langs, Georg and {Schmidt-Erfurth}, Ursula},
  year = {2019},
  journal = {Medical Image Analysis},
  volume = {54},
  pages = {30--44},
  issn = {1361-8415},
  doi = {10.1016/j.media.2019.01.010}
}

@misc{pinaya2022fastUAD-DDPM,
      title={Fast Unsupervised Brain Anomaly Detection and Segmentation with Diffusion Models}, 
      author={Walter H. L. Pinaya and Mark S. Graham and Robert Gray and Pedro F Da Costa and Petru-Daniel Tudosiu and Paul Wright and Yee H. Mah and Andrew D. MacKinnon and James T. Teo and Rolf Jager and David Werring and Geraint Rees and Parashkev Nachev and Sebastien Ourselin and M. Jorge Cardoso},
      year={2022},
      eprint={2206.03461},
      archivePrefix={arXiv},
      primaryClass={cs.CV},
      url={https://arxiv.org/abs/2206.03461}, 
}

@misc{wolleb2022DDPM-weaksupervise,
      title={Diffusion Models for Medical Anomaly Detection}, 
      author={Julia Wolleb and Florentin Bieder and Robin Sandkühler and Philippe C. Cattin},
      year={2022},
      eprint={2203.04306},
      archivePrefix={arXiv},
      primaryClass={eess.IV},
      url={https://arxiv.org/abs/2203.04306}, 
}

@article{behrendt2025cDDPM,
  title = {Guided Reconstruction with Conditioned Diffusion Models for Unsupervised Anomaly Detection in Brain {{MRIs}}},
  author = {Behrendt, Finn and Bhattacharya, Debayan and Mieling, Robin and Maack, Lennart and Kr{\"u}ger, Julia and Opfer, Roland and Schlaefer, Alexander},
  year = {2025},
  month = mar,
  journal = {Computers in Biology and Medicine},
  volume = {186},
  pages = {109660},
  issn = {0010-4825},
  doi = {10.1016/j.compbiomed.2025.109660},
  urldate = {2025-06-30}
}

@misc{zhang2018unreasonableeffectivenessdeepfeatures,
      title={The Unreasonable Effectiveness of Deep Features as a Perceptual Metric}, 
      author={Richard Zhang and Phillip Isola and Alexei A. Efros and Eli Shechtman and Oliver Wang},
      year={2018},
      eprint={1801.03924},
      archivePrefix={arXiv},
      primaryClass={cs.CV},
      url={https://arxiv.org/abs/1801.03924}, 
}


@misc{PatchCoretotalrecall,
      title={Towards Total Recall in Industrial Anomaly Detection}, 
      author={Karsten Roth and Latha Pemula and Joaquin Zepeda and Bernhard Schölkopf and Thomas Brox and Peter Gehler},
      year={2022},
      eprint={2106.08265},
      archivePrefix={arXiv},
      primaryClass={cs.CV},
      url={https://arxiv.org/abs/2106.08265}, 
}

@inbook{DDAD,
   title={Anomaly Detection with Conditioned Denoising Diffusion Models},
   ISBN={9783031851810},
   ISSN={1611-3349},
   url={http://dx.doi.org/10.1007/978-3-031-85181-0_12},
   DOI={10.1007/978-3-031-85181-0_12},
   booktitle={Pattern Recognition},
   publisher={Springer Nature Switzerland},
   author={Mousakhan, Arian and Brox, Thomas and Tayyub, Jawad},
   year={2025},
   pages={181–195} }

@inproceedings{SautyLongitudinalVAE2022,
author = {Sauty, Benoît and Durrleman, Stanley},
title = {Progression Models for Imaging Data with Longitudinal Variational Auto Encoders},
year = {2022},
publisher = {Springer-Verlag},
address = {Berlin, Heidelberg},
url = {https://doi.org/10.1007/978-3-031-16431-6_1},
doi = {10.1007/978-3-031-16431-6_1},
booktitle = {Medical Image Computing and Computer Assisted Intervention – MICCAI 2022: 25th International Conference, Singapore, September 18–22, 2022, Proceedings, Part I},
pages = {3–13},
numpages = {11},
location = {Singapore, Singapore}
}


@article{baur_autoencoders_2020,
author = {Baur, C. and Denner, S. and Wiestler, B. and Navab, N. and Albarqouni, S.},
journal = {Medical Image Analysis},
title = {{Autoencoders for unsupervised anomaly segmentation in brain MR images: A comparative study}},
volume = {69},
pages={101952},
year = {2021}
}


@misc{hoDDPM,
  title = {Denoising {{Diffusion Probabilistic Models}}},
  author = {Ho, Jonathan and Jain, Ajay and Abbeel, Pieter},
  year = {2020},
  month = dec,
  number = {arXiv:2006.11239},
  eprint = {2006.11239},
  primaryclass = {cs},
  publisher = {arXiv},
  doi = {10.48550/arXiv.2006.11239},
  urldate = {2025-05-19},
  archiveprefix = {arXiv}
}


@misc{autoDDPM,
  title = {Mask, {{Stitch}}, and {{Re-Sample}}: {{Enhancing Robustness}} and {{Generalizability}} in {{Anomaly Detection}} through {{Automatic Diffusion Models}}},
  shorttitle = {Mask, {{Stitch}}, and {{Re-Sample}}},
  author = {Bercea, Cosmin I. and Neumayr, Michael and Rueckert, Daniel and Schnabel, Julia A.},
  year = {2023},
  month = may,
  number = {arXiv:2305.19643},
  eprint = {2305.19643},
  primaryclass = {cs},
  publisher = {arXiv},
  doi = {10.48550/arXiv.2305.19643},
  archiveprefix = {arXiv}
}


@inproceedings{lugmayrRePaintInpaintingUsing2022,
  title = {{{RePaint}}: {{Inpainting}} Using {{Denoising Diffusion Probabilistic Models}}},
  shorttitle = {{{RePaint}}},
  booktitle = {2022 {{IEEE}}/{{CVF Conference}} on {{Computer Vision}} and {{Pattern Recognition}} ({{CVPR}})},
  author = {Lugmayr, Andreas and Danelljan, Martin and Romero, Andres and Yu, Fisher and Timofte, Radu and Van Gool, Luc},
  year = {2022},
  month = jun,
  pages = {11451--11461},
  publisher = {IEEE},
  address = {New Orleans, LA, USA},
  doi = {10.1109/CVPR52688.2022.01117},
  urldate = {2025-05-15},
  copyright = {https://doi.org/10.15223/policy-029},
  isbn = {978-1-6654-6946-3},
  langid = {english}
}


@misc{oudoumanessahFrugalUnsupervisedDetection2023,
  title = {Towards Frugal Unsupervised Detection of Subtle Abnormalities in Medical Imaging},
  author = {Oudoumanessah, Geoffroy and Lartizien, Carole and Dojat, Michel and Forbes, Florence},
  year = {2023},
  month = sep,
  number = {arXiv:2309.02458},
  eprint = {2309.02458},
  primaryclass = {eess},
  publisher = {arXiv},
  doi = {10.48550/arXiv.2309.02458},
  urldate = {2025-01-21},
  archiveprefix = {arXiv}
}


@article{3D-DDPM,
  title = {Conditional {{Diffusion Models}} for {{Semantic 3D Brain MRI Synthesis}}},
  author = {Dorjsembe, Zolnamar and Pao, Hsing-Kuo and Odonchimed, Sodtavilan and Xiao, Furen},
  year = {2024},
  month = jul,
  journal = {IEEE Journal of Biomedical and Health Informatics},
  volume = {28},
  number = {7},
  pages = {4084--4093},
  issn = {2168-2208},
  doi = {10.1109/JBHI.2024.3385504},
  urldate = {2025-05-20}
}


@article{khaderDDPM3DVQGan,
  title = {Denoising Diffusion Probabilistic Models for {{3D}} Medical Image Generation},
  author = {Khader, Firas and {M{\"u}ller-Franzes}, Gustav and Tayebi Arasteh, Soroosh and Han, Tianyu and Haarburger, Christoph and {Schulze-Hagen}, Maximilian and Schad, Philipp and Engelhardt, Sandy and Bae{\ss}ler, Bettina and Foersch, Sebastian and Stegmaier, Johannes and Kuhl, Christiane and Nebelung, Sven and Kather, Jakob Nikolas and Truhn, Daniel},
  year = {2023},
  month = may,
  journal = {Scientific Reports},
  volume = {13},
  number = {1},
  pages = {7303},
  publisher = {Nature Publishing Group},
  issn = {2045-2322},
  doi = {10.1038/s41598-023-34341-2},
  urldate = {2025-05-16},
  copyright = {2023 The Author(s)},
  langid = {english}
}

@misc{VQGan,
  title = {Taming {{Transformers}} for {{High-Resolution Image Synthesis}}},
  author = {Esser, Patrick and Rombach, Robin and Ommer, Bj{\"o}rn},
  year = {2021},
  month = jun,
  number = {arXiv:2012.09841},
  eprint = {2012.09841},
  primaryclass = {cs},
  publisher = {arXiv},
  doi = {10.48550/arXiv.2012.09841},
  urldate = {2025-05-20},
  archiveprefix = {arXiv}
}

@misc{rombachLDM,
      title={High-Resolution Image Synthesis with Latent Diffusion Models}, 
      author={Robin Rombach and Andreas Blattmann and Dominik Lorenz and Patrick Esser and Björn Ommer},
      year={2022},
      eprint={2112.10752},
      archivePrefix={arXiv},
      primaryClass={cs.CV},
      url={https://arxiv.org/abs/2112.10752}, 
}

@misc{pinayaLDM,
      title={Brain Imaging Generation with Latent Diffusion Models}, 
      author={Walter H. L. Pinaya and Petru-Daniel Tudosiu and Jessica Dafflon and Pedro F da Costa and Virginia Fernandez and Parashkev Nachev and Sebastien Ourselin and M. Jorge Cardoso},
      year={2022},
      eprint={2209.07162},
      archivePrefix={arXiv},
      primaryClass={eess.IV},
      url={https://arxiv.org/abs/2209.07162}, 
}


@inproceedings{puglisiBrLP,
  title={Enhancing spatiotemporal disease progression models via latent diffusion and prior knowledge},
  author={Puglisi, Lemuel and Alexander, Daniel C and Ravi, Daniele},
  booktitle={International Conference on Medical Image Computing and Computer-Assisted Intervention},
  pages={173--183},
  year={2024},
  organization={Springer}
}

@article{lagogiannisUnsupervisedPathologyDetection2024,
  title = {Unsupervised {{Pathology Detection}}: {{A Deep Dive Into}} the {{State}} of the {{Art}}},
  shorttitle = {Unsupervised {{Pathology Detection}}},
  author = {Lagogiannis, Ioannis and Meissen, Felix and Kaissis, Georgios and Rueckert, Daniel},
  date = {2024-01},
  journaltitle = {IEEE Transactions on Medical Imaging},
  volume = {43},
  number = {1},
  pages = {241--252},
  issn = {1558-254X},
  doi = {10.1109/TMI.2023.3298093},
  url = {https://ieeexplore.ieee.org/document/10197302},
  urldate = {2025-07-03}
}


@online{wuUADPostSampling2024,
  title = {Unsupervised {{Anomaly Detection}} via {{Masked Diffusion Posterior Sampling}}},
  author = {Wu, Di and Fan, Shicai and Zhou, Xue and Yu, Li and Deng, Yuzhong and Zou, Jianxiao and Lin, Baihong},
  date = {2024-04-27},
  eprint = {2404.17900},
  eprinttype = {arXiv},
  eprintclass = {cs},
  doi = {10.48550/arXiv.2404.17900},
  url = {http://arxiv.org/abs/2404.17900},
  urldate = {2025-07-10},
  pubstate = {prepublished}
}

@article{soto2024ddpmLecture,
  title   = "Appendices for lectures on diffusion models",
  author  = "Soto, Julio A.",
  year    = "2024",
  month   = "Nov",
  url     = "https://julioasotodv.github.io/ie-c4-466671-diffusion-models/Appendices%20for%20lectures%20on%20diffusion%20models.html"
}

@online{songDDIM,
  title = {Denoising {{Diffusion Implicit Models}}},
  author = {Song, Jiaming and Meng, Chenlin and Ermon, Stefano},
  date = {2022-10-05},
  eprint = {2010.02502},
  eprinttype = {arXiv},
  eprintclass = {cs},
  doi = {10.48550/arXiv.2010.02502},
  url = {http://arxiv.org/abs/2010.02502},
  urldate = {2025-03-13},
  pubstate = {prepublished}
}

@online{DiffAE,
  title = {Diffusion {{Autoencoders}}: {{Toward}} a {{Meaningful}} and {{Decodable Representation}}},
  shorttitle = {Diffusion {{Autoencoders}}},
  author = {Preechakul, Konpat and Chatthee, Nattanat and Wizadwongsa, Suttisak and Suwajanakorn, Supasorn},
  date = {2022-03-10},
  eprint = {2111.15640},
  eprinttype = {arXiv},
  eprintclass = {cs},
  doi = {10.48550/arXiv.2111.15640},
  url = {http://arxiv.org/abs/2111.15640},
  urldate = {2025-06-13},
  pubstate = {prepublished}
}

@online{lozuponeLDAE2025,
  title = {Latent {{Diffusion Autoencoders}}: {{Toward Efficient}} and {{Meaningful Unsupervised Representation Learning}} in {{Medical Imaging}}},
  shorttitle = {Latent {{Diffusion Autoencoders}}},
  author = {Lozupone, Gabriele and Bria, Alessandro and Fontanella, Francesco and Meijer, Frederick J. A. and Stefano, Claudio De and Huisman, Henkjan},
  date = {2025-04-11},
  eprint = {2504.08635},
  eprinttype = {arXiv},
  eprintclass = {cs},
  doi = {10.48550/arXiv.2504.08635},
  url = {http://arxiv.org/abs/2504.08635},
  urldate = {2025-06-20},
  pubstate = {prepublished}
}

@online{dhariwalDiffusionModelsBeatGAN2021,
  title = {Diffusion {{Models Beat GANs}} on {{Image Synthesis}}},
  author = {Dhariwal, Prafulla and Nichol, Alex},
  date = {2021-06-01},
  eprint = {2105.05233},
  eprinttype = {arXiv},
  eprintclass = {cs},
  doi = {10.48550/arXiv.2105.05233},
  url = {http://arxiv.org/abs/2105.05233},
  urldate = {2025-03-13},
  pubstate = {prepublished}
}

@online{songScoreBasedGenerativeModeling2021,
  title = {Score-{{Based Generative Modeling}} through {{Stochastic Differential Equations}}},
  author = {Song, Yang and Sohl-Dickstein, Jascha and Kingma, Diederik P. and Kumar, Abhishek and Ermon, Stefano and Poole, Ben},
  date = {2021-02-10},
  eprint = {2011.13456},
  eprinttype = {arXiv},
  eprintclass = {cs},
  doi = {10.48550/arXiv.2011.13456},
  url = {http://arxiv.org/abs/2011.13456},
  urldate = {2025-05-19},
  pubstate = {prepublished}
}

@online{luoUnderstandingDiffusionModels2022,
  title = {Understanding {{Diffusion Models}}: {{A Unified Perspective}}},
  shorttitle = {Understanding {{Diffusion Models}}},
  author = {Luo, Calvin},
  date = {2022-08-25},
  eprint = {2208.11970},
  eprinttype = {arXiv},
  eprintclass = {cs},
  doi = {10.48550/arXiv.2208.11970},
  url = {http://arxiv.org/abs/2208.11970},
  urldate = {2025-03-13},
  pubstate = {prepublished}
}

@online{berceaDDPMforMedicalImagesStudy2024,
  title = {Denoising {{Diffusion Models}} for {{Anomaly Localization}} in {{Medical Images}}},
  author = {Bercea, Cosmin I. and Cattin, Philippe C. and Schnabel, Julia A. and Wolleb, Julia},
  date = {2024-10-31},
  eprint = {2410.23834},
  eprinttype = {arXiv},
  eprintclass = {eess},
  doi = {10.48550/arXiv.2410.23834},
  url = {http://arxiv.org/abs/2410.23834},
  urldate = {2025-07-10},
  pubstate = {prepublished}
}

@article{wangEPDiffErasurePerception2025,
  title = {{{EPDiff}}: {{Erasure Perception Diffusion Model}} for {{Unsupervised Anomaly Detection}} in {{Preoperative Multimodal Images}}},
  shorttitle = {{{EPDiff}}},
  author = {Wang, Jiazheng and Liu, Min and Shen, Wenting and Ding, Renjie and Wang, Yaonan and Meijering, Erik},
  date = {2025},
  journaltitle = {IEEE Transactions on Medical Imaging},
  pages = {1--1},
  issn = {1558-254X},
  doi = {10.1109/TMI.2025.3597545},
  url = {https://ieeexplore.ieee.org/document/11121881/},
  urldate = {2025-08-18}
}

@online{litricoTADMTemporallyAwareDiffusion2024,
  title = {{{TADM}}: {{Temporally-Aware Diffusion Model}} for {{Neurodegenerative Progression}} on {{Brain MRI}}},
  shorttitle = {{{TADM}}},
  author = {Litrico, Mattia and Guarnera, Francesco and Giuffirda, Valerio and Ravì, Daniele and Battiato, Sebastiano},
  date = {2024-06-18},
  eprint = {2406.12411},
  eprinttype = {arXiv},
  eprintclass = {eess},
  doi = {10.48550/arXiv.2406.12411},
  url = {http://arxiv.org/abs/2406.12411},
  urldate = {2025-07-18},
  pubstate = {prepublished}
}

@misc{zhang2018RRDB,
      title={Residual Dense Network for Image Super-Resolution}, 
      author={Yulun Zhang and Yapeng Tian and Yu Kong and Bineng Zhong and Yun Fu},
      year={2018},
      eprint={1802.08797},
      archivePrefix={arXiv},
      primaryClass={cs.CV},
      url={https://arxiv.org/abs/1802.08797}, 
}

@misc{bôneStarmenDataset2018,
      title={Learning distributions of shape trajectories from longitudinal datasets: a hierarchical model on a manifold of diffeomorphisms}, 
      author={Alexandre Bône and Olivier Colliot and Stanley Durrleman},
      year={2018},
      eprint={1803.10119},
      archivePrefix={arXiv},
      primaryClass={cs.CV},
      url={https://arxiv.org/abs/1803.10119}, 
}

@misc{vaswani2023attentionneed,
      title={Attention Is All You Need}, 
      author={Ashish Vaswani and Noam Shazeer and Niki Parmar and Jakob Uszkoreit and Llion Jones and Aidan N. Gomez and Lukasz Kaiser and Illia Polosukhin},
      year={2023},
      eprint={1706.03762},
      archivePrefix={arXiv},
      primaryClass={cs.CL},
      url={https://arxiv.org/abs/1706.03762}, 
}

@misc{wu2024maskdiffusionposteriorMDPS,
      title={Unsupervised Anomaly Detection via Masked Diffusion Posterior Sampling}, 
      author={Di Wu and Shicai Fan and Xue Zhou and Li Yu and Yuzhong Deng and Jianxiao Zou and Baihong Lin},
      year={2024},
      eprint={2404.17900},
      archivePrefix={arXiv},
      primaryClass={cs.CV},
      url={https://arxiv.org/abs/2404.17900}, 
}

@article{lagogiannisUADStudyOfSOTA,
  title = {Unsupervised {{Pathology Detection}}: {{A Deep Dive Into}} the {{State}} of the {{Art}}},
  shorttitle = {Unsupervised {{Pathology Detection}}},
  author = {Lagogiannis, Ioannis and Meissen, Felix and Kaissis, Georgios and Rueckert, Daniel},
  date = {2024-01},
  journaltitle = {IEEE Transactions on Medical Imaging},
  volume = {43},
  number = {1},
  pages = {241--252},
  issn = {1558-254X},
  doi = {10.1109/TMI.2023.3298093},
  url = {https://ieeexplore.ieee.org/document/10197302},
  urldate = {2025-07-03}
}

@online{yangSurveyDiffusionModelsSpatioTemporal2024,
  title = {A {{Survey}} on {{Diffusion Models}} for {{Time Series}} and {{Spatio-Temporal Data}}},
  author = {Yang, Yiyuan and Jin, Ming and Wen, Haomin and Zhang, Chaoli and Liang, Yuxuan and Ma, Lintao and Wang, Yi and Liu, Chenghao and Yang, Bin and Xu, Zenglin and Bian, Jiang and Pan, Shirui and Wen, Qingsong},
  date = {2024-06-11},
  eprint = {2404.18886},
  eprinttype = {arXiv},
  eprintclass = {cs},
  doi = {10.48550/arXiv.2404.18886},
  url = {http://arxiv.org/abs/2404.18886},
  urldate = {2025-02-24},
  pubstate = {prepublished}
}

@online{ca23LongitudinalNormalizingFlow,
  title = {Variational {{Inference}} for {{Longitudinal Data Using Normalizing Flows}}},
  author = {Chadebec, Clément and Allassonnière, Stéphanie},
  date = {2023-03-24},
  eprint = {2303.14220},
  eprinttype = {arXiv},
  eprintclass = {stat},
  doi = {10.48550/arXiv.2303.14220},
  url = {http://arxiv.org/abs/2303.14220},
  urldate = {2025-01-22},
  langid = {english}
}

@misc{ResNet50,
    title={Deep Residual Learning for Image Recognition},
    author={Kaiming He and Xiangyu Zhang and Shaoqing Ren and Jian Sun},
    year={2015},
    eprint={1512.03385},
    archivePrefix={arXiv},
    primaryClass={cs.CV}
}

@article{chenOrthogonalMixedEffectsModelingLongitudinal,
  title = {Orthogonal {{Mixed-Effects Modeling}} for {{High-Dimensional Longitudinal Data}}: {{An Unsupervised Learning Approach}}},
  shorttitle = {Orthogonal {{Mixed-Effects Modeling}} for {{High-Dimensional Longitudinal Data}}},
  author = {Chen, Ming and Bian, Yijun and Chen, Nanguang and Qiu, Anqi},
  date = {2025-01},
  journaltitle = {IEEE Transactions on Medical Imaging},
  volume = {44},
  number = {1},
  pages = {207--220},
  issn = {1558-254X},
  doi = {10.1109/TMI.2024.3435855},
  url = {https://ieeexplore.ieee.org/document/10616022},
  urldate = {2025-05-22}
}

@article{mcs+18PPMIParkinsonsProgressionMarkers,
  title = {The {{Parkinson}}'s Progression Markers Initiative ({{PPMI}}) – Establishing a {{PD}} Biomarker Cohort},
  author = {Marek, Kenneth and Chowdhury, Sohini and Siderowf, Andrew and Lasch, Shirley and Coffey, Christopher S. and Caspell‐Garcia, Chelsea and Simuni, Tanya and Jennings, Danna and Tanner, Caroline M. and Trojanowski, John Q. and Shaw, Leslie M. and Seibyl, John and Schuff, Norbert and Singleton, Andrew and Kieburtz, Karl and Toga, Arthur W. and Mollenhauer, Brit and Galasko, Doug and Chahine, Lana M. and Weintraub, Daniel and Foroud, Tatiana and Tosun‐Turgut, Duygu and Poston, Kathleen and Arnedo, Vanessa and Frasier, Mark and Sherer, Todd and {the Parkinson's Progression Markers Initiative}},
  date = {2018-12},
  journaltitle = {Annals of Clinical and Translational Neurology},
  shortjournal = {Ann Clin Transl Neurol},
  volume = {5},
  number = {12},
  pages = {1460--1477},
  publisher = {Wiley},
  issn = {2328-9503, 2328-9503},
  doi = {10.1002/acn3.644},
  url = {https://onlinelibrary.wiley.com/doi/10.1002/acn3.644},
  urldate = {2025-07-20},
  langid = {english}
}

@ARTICLE{YenThreshold,
  author={Jui-Cheng Yen and Fu-Juay Chang and Shyang Chang},
  journal={IEEE Transactions on Image Processing}, 
  title={A new criterion for automatic multilevel thresholding}, 
  year={1995},
  volume={4},
  number={3},
  pages={370-378},
  keywords={Cost function;Computational modeling;Entropy;Image processing;Computational complexity;Analytical models;Algorithm design and analysis;Target recognition;Computer industry;Application software},
  doi={10.1109/83.366472}}
